@misc{bernstein2005cache,
  title={Cache-timing attacks on AES},
  author={Bernstein, Daniel J},
  year={2005}
}

@incollection{brumley2009cache,
  title={Cache-timing template attacks},
  author={Brumley, Billy Bob and Hakala, Risto M},
  booktitle={Advances in Cryptology--ASIACRYPT 2009},
  pages={667--684},
  year={2009},
  publisher={Springer}
}

@article{tromer2010efficient,
  title={Efficient cache attacks on AES, and countermeasures},
  author={Tromer, Eran and Osvik, Dag Arne and Shamir, Adi},
  journal={Journal of Cryptology},
  volume={23},
  number={1},
  pages={37--71},
  year={2010},
  publisher={Springer}
}

@incollection{osvik2006cache,
  title={Cache attacks and countermeasures: the case of AES},
  author={Osvik, Dag Arne and Shamir, Adi and Tromer, Eran},
  booktitle={Topics in Cryptology--CT-RSA 2006},
  pages={1--20},
  year={2006},
  publisher={Springer}
}

@incollection{aciiccmez2006trace,
  title={Trace-driven cache attacks on AES (short paper)},
  author={Ac{\i}i{\c{c}}mez, Onur and Ko{\c{c}}, {\c{C}}etin Kaya},
  booktitle={Information and Communications Security},
  pages={112--121},
  year={2006},
  publisher={Springer}
}

@inproceedings{kocher1996timing,
  title={Timing attacks on implementations of Diffie-Hellman, RSA, DSS, and other systems},
  author={Kocher, Paul C},
  booktitle={Advances in Cryptology—CRYPTO’96},
  pages={104--113},
  year={1996},
  organization={Springer}
}

@incollection{kasper2009faster,
  title={Faster and timing-attack resistant AES-GCM},
  author={K{\"a}sper, Emilia and Schwabe, Peter},
  booktitle={Cryptographic Hardware and Embedded Systems-CHES 2009},
  pages={1--17},
  year={2009},
  publisher={Springer}
}

@article{canteaut2006understanding,
  title={Understanding cache attacks},
  author={Canteaut, Anne and Lauradoux, Cedric and Seznec, Andre},
  year={2006}
}

